@inproceedings{nikovski2000learning,
  title={Learning Probabilistic Models for Decision-Theoretic Navigation of Mobile Robots.},
  author={Nikovski, Daniel and Nourbakhsh, Illah R},
  booktitle={ICML},
  pages={671--678},
  year={2000},
  organization={Citeseer}
}

@article{stolcke1994best,
	title={Best-first model merging for hidden Markov model induction},
	author={Stolcke, Andreas and Omohundro, Stephen M},
	journal={arXiv preprint cmp-lg/9405017},
	year={1994}
}